% This file was created with JabRef 2.7b.
% Encoding: UTF-8

@misc{statista_mobile_users_worldwide,
  author       = {Statista},
  title        = {Forecast number of mobile users worldwide 2020-2025},
  howpublished = {\url{https://www.statista.com/statistics/218984/number-of-global-mobile-users-since-2010/}},
  url          = {https://www.statista.com/statistics/218984/number-of-global-mobile-users-since-2010/},
  note         = {Accessed 18 Apr. 2023}
}

@misc{techjury_app_statistics,
  author       = {TechJury},
  title        = {55+ Jaw Dropping App Usage Statistics in 2023},
  howpublished = {\url{https://techjury.net/blog/app-usage-statistics/#gref}},
  url          = {https://techjury.net/blog/app-usage-statistics/#gref},
  note         = {Accessed 18 Apr. 2023}
}

@misc{cma_mobile_ecosystems_report,
  author = {{Competition Markets Authority}},
  title  = {Mobile ecosystems. {Market} study final report.},
  note   = {Updated 4 Aug. 2022}
}

@article{decision_framework_cross_plaftorm,
  author  = {Mohamed Lachgar and Mohamed Hanine and Hanane Benouda and Younes Ommane},
  journal = {International Journal of Mobile Computing and Multimedia Communications},
  title   = {Decision Framework for Cross-Platform Mobile Development Frameworks Using an Integrated Multi-Criteria Decision-Making Methodology},
  year    = {2022},
  volume  = {13},
  number  = {1}
}

@misc{kotlin_popular_cross_platform_frameworks,
  author       = {Kotlin},
  title        = {The Six Most Popular Cross-Platform App Development Frameworks},
  howpublished = {\url{https://kotlinlang.org/docs/cross-platform-frameworks.html}},
  url          = {https://kotlinlang.org/docs/cross-platform-frameworks.html},
  note         = {Accessed 18 Apr. 2023}
}

@misc{velvetech_mobile_dev_approaches,
  author       = {Velvetech},
  howpublished = {\url{https://www.velvetech.com/blog/5-key-mobile-development-approaches/}},
  title        = {5 Key Mobile Development Approaches},
  url          = {https://www.velvetech.com/blog/5-key-mobile-development-approaches/},
  note         = {Accessed 22 Apr. 2023}
}

@misc{microsoft_mobile_development,
  author       = {Microsoft},
  howpublished = {\url{https://azure.microsoft.com/en-us/resources/cloud-computing-dictionary/what-is-mobile-app-development/#definition}},
  title        = {What is mobile application development?},
  url          = {https://azure.microsoft.com/en-us/resources/cloud-computing-dictionary/what-is-mobile-app-development/#definition},
  note         = {Accessed 22 Apr. 2023}
}

@article{comparative_analysis_native_hybrid,
  author  = {Tena Vilček and Tomislav Jakopec},
  journal = {2017 40th International Convention on Information and Communication Technology, Electronics and Microelectronics (MIPRO)},
  title   = {Comparative analysis of tools for development of native and hybrid mobile applications},
  year    = {2017}
}

@misc{statcounter_mobile_os_market,
  author       = {Statcounter},
  title        = {Mobile Operating System Market Share Worldwide},
  howpublished = {\url{https://gs.statcounter.com/os-market-share/mobile/worldwide/#monthly-202303-202303-bar}},
  url          = {https://gs.statcounter.com/os-market-share/mobile/worldwide/#monthly-202303-202303-bar},
  note         = {Accessed 23 Apr. 2023}
}

@article{approach_to_assess_performance_case_study,
  author  = {Dany Mota and Ricardo Martinho},
  title   = {An Approach to Assess the Performance of Mobile Applications: A Case Study of Multiplatform Development Frameworks},
  journal = {Proceedings of the 16th International Conference on Evaluation of Novel Approaches to Software Engineering - Volume 1: ENASE,},
  year    = {2021}
}

@misc{statcounter_ios_version_market,
  author       = {Statcounter},
  title        = {Mobile Tablet iOS Version Market Share Worldwide},
  howpublished = {\url{https://gs.statcounter.com/ios-version-market-share/mobile-tablet/worldwide/#monthly-202303-202303-bar}},
  url          = {https://gs.statcounter.com/ios-version-market-share/mobile-tablet/worldwide/#monthly-202303-202303-bar},
  note         = {Accessed 23 Apr. 2023}
}

@misc{statcounter_android_version_market,
  author       = {Statcounter},
  title        = {Mobile Tablet Android Version Market Share Worldwide},
  howpublished = {\url{https://gs.statcounter.com/android-version-market-share/mobile-tablet/worldwide/#monthly-202303-202303-bar}},
  url          = {https://gs.statcounter.com/android-version-market-share/mobile-tablet/worldwide/#monthly-202303-202303-bar},
  note         = {Accessed 23 Apr. 2023}
}

@misc{appdynamics_mobile_app_performance,
  author       = {{AppDynamics}},
  title        = {Mobile app performance explained},
  howpublished = {\url{https://www.appdynamics.com/media/uploaded-files/mobileapp.pdf}},
  url          = {https://www.appdynamics.com/media/uploaded-files/mobileapp.pdf},
  note         = {Accessed 23 Apr. 2023}
}

@mastersthesis{eval_rn_flutter,
  author = {Elin Hjort},
  school = {Åbo Akademi University},
  title  = {Evaluation of {React Native} and {Flutter} for cross-platform mobile application development},
  year   = {2020}
}

@mastersthesis{cross_platform_development_study_rn_flutter,
  author = {Awel Eshetu Fentaw},
  school = {University of Jyväskylä},
  title  = {Cross platform mobile application development: a comparison study of {React Native} Vs {Flutter}},
  year   = {2020}
}

@mastersthesis{comparison_perf_looks_flutter_native,
  author = {Matilda Olsson},
  school = {Blekinge Institute of Technology},
  title  = {A Comparison of Performance and Looks Between {Flutter} and Native Applications},
  year   = {2020},
  type   = {Bachelor's thesis}
}

@article{comp_analysis_hybrid_frameworks,
  author  = {Mohit Singh and G. Shobha},
  journal = {International Journal of Soft Computing and Engineering (IJSCE)},
  number  = {6},
  title   = {Comparative Analysis of Hybrid Mobile App Development Frameworks},
  volume  = {10},
  year    = {2021}
}

@misc{android_what_is,
  author       = {Android},
  howpublished = {\url{https://www.android.com/what-is-android/}},
  url          = {https://www.android.com/what-is-android/},
  note         = {Accessed 24 Apr. 2023}
}

@mastersthesis{comparison_technologies_multiplatform,
  author = {Jan Crha},
  school = {Masaryk University},
  title  = {Comparison of Technologies for Multiplatform Mobile Applications Development},
  year   = {2021}
}

@misc{android_architecture,
  author       = {{Android Developers}},
  howpublished = {\url{https://developer.android.com/guide/platform}},
  url          = {https://developer.android.com/guide/platform},
  note         = {Accessed 24 Apr. 2023}
}

@article{android_architecture_and_application,
  author  = {Javed Ahmad Shaheen and Mian Ali Asghar and Abid Hussain},
  journal = {International Journal of Multimedia and Ubiquitous Engineering},
  number  = {7},
  title   = {Android OS with its Architecture and Android Application
             with Dalvik Virtual Machine Review},
  volume  = {12},
  year    = {2017}
}

@misc{android_studio_intro,
  author       = {{Android Developers}},
  howpublished = {\url{https://developer.android.com/studio/intro}},
  url          = {https://developer.android.com/studio/intro},
  note         = {Accessed 25 Apr. 2023}
}

@misc{android_kotlin_first,
  author       = {{Android Developers}},
  title        = {Android's {Kotlin-first} approach},
  howpublished = {\url{https://developer.android.com/kotlin/first}},
  url          = {https://developer.android.com/kotlin/first},
  note         = {Accessed 25 Apr. 2023}
}

@misc{android_kotlin,
  author       = {{Android Developers}},
  howpublished = {\url{https://developer.android.com/kotlin}},
  url          = {https://developer.android.com/kotlin},
  note         = {Accessed 25 Apr. 2023}
}

@misc{kotlin_multiplatform,
  author       = {Kotlin},
  howpublished = {\url{https://kotlinlang.org/docs/multiplatform.html}},
  url          = {https://kotlinlang.org/docs/multiplatform.html},
  note         = {Accessed 26 Apr. 2023}
}

@misc{kc_kotlin_vs_java,
  author       = {{Krusche Company}},
  title        = {Kotlin vs {Java}: strengths, weaknesses and when to use which},
  howpublished = {\url{https://kruschecompany.com/kotlin-vs-java/}},
  url          = {https://kruschecompany.com/kotlin-vs-java/},
  note         = {Accessed 26 Apr. 2023}
}

@misc{android_api_desugaring,
  author       = {{Android Developers}},
  title        = {API desugaring supporting {Android} 13 and java.nio},
  howpublished = {\url{https://android-developers.googleblog.com/2023/02/api-desugaring-supporting-android-13-and-java-nio.html}},
  url          = {https://android-developers.googleblog.com/2023/02/api-desugaring-supporting-android-13-and-java-nio.html},
  note         = {Accessed 26 Apr. 2023}
}

@misc{android_jetpack_compose,
  author       = {{Android Developers Blog}},
  title        = {Jetpack Compose is now 1.0: announcing Android's modern toolkit for building native UI},
  howpublished = {\url{https://android-developers.googleblog.com/2021/07/jetpack-compose-announcement.html}},
  url          = {https://android-developers.googleblog.com/2021/07/jetpack-compose-announcement.html},
  note         = {Accessed 27 Apr. 2023}
}

@misc{jetpack_compose_vs_xml,
  author       = {{Mustafa Yiğit}},
  title        = {Say hello to {Jetpack Compose} and compare with {XML}},
  howpublished = {\url{https://blog.kotlin-academy.com/say-hello-to-jetpack-compose-and-compare-with-xml-6bc6053aec13}},
  url          = {https://blog.kotlin-academy.com/say-hello-to-jetpack-compose-and-compare-with-xml-6bc6053aec13},
  note         = {Accessed 27 Apr. 2023}
}
